@inproceedings{Chen1998ModifiedGA,
  title={Modified Goertzel Algorithm in DTMF Detection Using the TMS320C80 Application Report},
  author={Chiouguey Joyce Chen},
  year={1998}
}


@ARTICLE{9464344,
  author={Regnacq, Louis and Wu, Yu and Neshatvar, Nazanin and Jiang, Dai and Demosthenous, Andreas},
  journal={IEEE Transactions on Circuits and Systems II: Express Briefs}, 
  title={A Goertzel Filter-Based System for Fast Simultaneous Multi-Frequency EIS}, 
  year={2021},
  volume={68},
  number={9},
  pages={3133-3137},
  doi={10.1109/TCSII.2021.3092069}}


@article{FFT,
author = {Rajaby, Elias and Sayedi, Sayed},
year = {2022},
month = {01},
pages = {103403},
title = {A structured review of sparse fast Fourier transform algorithms},
volume = {123},
journal = {Digital Signal Processing},
doi = {10.1016/j.dsp.2022.103403}
}

@book{Press2007,
  added-at = {2010-07-28T15:16:23.000+0200},
  asin = {0521880688},
  author = {Press, William H. and Teukolsky, Saul A. and Vetterling, William T. and Flannery, Brian P.},
  biburl = {https://www.bibsonomy.org/bibtex/2f9d2f186a1e4a1e400ad2ed0f8ea852d/lopusz},
  description = {Amazon.com: Numerical Recipes 3rd Edition: The Art of Scientific…},
  dewey = {518.0285},
  ean = {9780521880688},
  edition = 3,
  interhash = {6b5cc0aac35eedcef262ac8d2d568588},
  intrahash = {f9d2f186a1e4a1e400ad2ed0f8ea852d},
  isbn = {0521880688},
  keywords = {numerics},
  publisher = {Cambridge University Press},
  timestamp = {2010-07-28T15:16:23.000+0200},
  title = {Numerical Recipes 3rd Edition: The Art of Scientific Computing},
  url = {http://www.amazon.com/Numerical-Recipes-3rd-Scientific-Computing/dp/0521880688/ref=sr_1_1?ie=UTF8&s=books&qid=1280322496&sr=8-1},
  year = 2007, 
  chapter = 12
}




@ARTICLE{958339,
  author={Beck, R. and Dempster, A.G. and Kale, I.},
  journal={IEEE Transactions on Circuits and Systems II: Analog and Digital Signal Processing}, 
  title={Finite-precision Goertzel filters used for signal tone detection}, 
  year={2001},
  volume={48},
  number={7},
  pages={691-700},
  doi={10.1109/82.958339}}


@INPROCEEDINGS{1347723,
  author={Fox, T.W. and Carriera, A.},
  booktitle={Canadian Conference on Electrical and Computer Engineering 2004 (IEEE Cat. No.04CH37513)}, 
  title={Goertzel implementations of the forward and inverse modified discrete cosine transform}, 
  year={2004},
  volume={4},
  number={},
  pages={2371-2374 Vol.4},
  doi={10.1109/CCECE.2004.1347723}}




@INPROCEEDINGS{6912785,
  author={Brown, Stephen and Timoney, Joe and Lysaght, Tom},
  booktitle={25th IET Irish Signals \& Systems Conference 2014 and 2014 China-Ireland International Conference on Information and Communications Technologies (ISSC 2014/CIICT 2014)}, 
  title={An evaluation of the Goertzel Algorithm for low-power, embedded systems}, 
  year={2014},
  pages={357-361},
  doi={10.1049/cp.2014.0714}
  }


@misc{embedded,
    author       = {Banks, K.},
    title        = {The Goertzel Algorithm},
    howpublished = {\url{https://www.embedded.com/the-goertzel-algorithm/}},
    year         = {2002},
    note         = {Accessed on June 26, 2023}
}


@INPROCEEDINGS{6272009,
  author={Medina-Melendrez, Modesto and Arias-Estrada, Miguel and Castro, Albertina},
  booktitle={2012 IEEE International Symposium on Circuits and Systems (ISCAS)}, 
  title={Using a Scaling Factor in O(1/N) for the fixed-point implementation of the second-order goertzel filter}, 
  year={2012},
  volume={},
  number={},
  pages={3218-3221},
  doi={10.1109/ISCAS.2012.6272009}}

@INPROCEEDINGS{5630500,
  author={Xinyi, Zhang},
  booktitle={2010 International Conference on Electrical and Control Engineering}, 
  title={The FPGA Implementation of Modified Goertzel Algorithm for DTMF Signal Detection}, 
  year={2010},
  volume={},
  number={},
  pages={4811-4815},
  doi={10.1109/iCECE.2010.1164}}

@INPROCEEDINGS{6828441,
  author={Záplata, Filip and Kasal, Miroslav},
  booktitle={2014 24th International Conference Radioelektronika}, 
  title={Using the Goertzel algorithm as a filter}, 
  year={2014},
  volume={},
  number={},
  pages={1-3},
  doi={10.1109/Radioelek.2014.6828441}}


@misc{vhdlshift,
    author       = {de Boyne Pollard, J.},
    title        = {Arithmetic and logical shifts and rotates are done with functions in VHDL, not operators.},
    howpublished = {\url{http://jdebp.info/FGA/bit-shifts-in-vhdl.html}},
    year         = {2008},
    note         = {Accessed on June 29, 2023}
}



@inproceedings{dulik,
author = {Dulík, Tomáš},
year = {1999},
month = {08},
pages = {339-346},
title = {An FPGA Implementation of Goertzel Algorithm},
isbn = {978-3-540-66457-4},
doi = {10.1007/978-3-540-48302-1_35}
}